%YAML 1.1
%TAG !u! tag:unity3d.com,2011:
--- !u!1 &7190748541514860801
GameObject:
  m_ObjectHideFlags: 0
  m_CorrespondingSourceObject: {fileID: 0}
  m_PrefabInstance: {fileID: 0}
  m_PrefabAsset: {fileID: 0}
  serializedVersion: 6
  m_Component:
  - component: {fileID: 7190748541514861406}
  - component: {fileID: 7190748541514858857}
  m_Layer: 0
  m_Name: Data Manager
  m_TagString: 
  m_Icon: {fileID: 0}
  m_NavMeshLayer: 0
  m_StaticEditorFlags: 0
  m_IsActive: 1
--- !u!4 &7190748541514861406
Transform:
  m_ObjectHideFlags: 0
  m_CorrespondingSourceObject: {fileID: 0}
  m_PrefabInstance: {fileID: 0}
  m_PrefabAsset: {fileID: 0}
  m_GameObject: {fileID: 7190748541514860801}
  m_LocalRotation: {x: 0, y: 0, z: 0, w: 1}
  m_LocalPosition: {x: 0, y: 0, z: 0}
  m_LocalScale: {x: 1, y: 1, z: 1}
  m_Children: []
  m_Father: {fileID: 7190748541514861395}
  m_RootOrder: 13
  m_LocalEulerAnglesHint: {x: 0, y: 0, z: 0}
--- !u!114 &7190748541514858857
MonoBehaviour:
  m_ObjectHideFlags: 0
  m_CorrespondingSourceObject: {fileID: 0}
  m_PrefabInstance: {fileID: 0}
  m_PrefabAsset: {fileID: 0}
  m_GameObject: {fileID: 7190748541514860801}
  m_Enabled: 1
  m_EditorHideFlags: 0
  m_Script: {fileID: 11500000, guid: c16fbc9e0b0610a49b6b392a410bfb30, type: 3}
  m_Name: 
  m_EditorClassIdentifier: 
  configuration: {fileID: 11400000, guid: 281e5553399e4a9c91963af39bf934ee, type: 2}
--- !u!1 &7190748541514860813
GameObject:
  m_ObjectHideFlags: 0
  m_CorrespondingSourceObject: {fileID: 0}
  m_PrefabInstance: {fileID: 0}
  m_PrefabAsset: {fileID: 0}
  serializedVersion: 6
  m_Component:
  - component: {fileID: 7190748541514861407}
  - component: {fileID: 7190748541514858771}
  m_Layer: 0
  m_Name: Game Process
  m_TagString: 
  m_Icon: {fileID: 0}
  m_NavMeshLayer: 0
  m_StaticEditorFlags: 0
  m_IsActive: 1
--- !u!4 &7190748541514861407
Transform:
  m_ObjectHideFlags: 0
  m_CorrespondingSourceObject: {fileID: 0}
  m_PrefabInstance: {fileID: 0}
  m_PrefabAsset: {fileID: 0}
  m_GameObject: {fileID: 7190748541514860813}
  m_LocalRotation: {x: 0, y: 0, z: 0, w: 1}
  m_LocalPosition: {x: 0, y: 0, z: 0}
  m_LocalScale: {x: 1, y: 1, z: 1}
  m_Children: []
  m_Father: {fileID: 7190748541514861395}
  m_RootOrder: 16
  m_LocalEulerAnglesHint: {x: 0, y: 0, z: 0}
--- !u!114 &7190748541514858771
MonoBehaviour:
  m_ObjectHideFlags: 0
  m_CorrespondingSourceObject: {fileID: 0}
  m_PrefabInstance: {fileID: 0}
  m_PrefabAsset: {fileID: 0}
  m_GameObject: {fileID: 7190748541514860813}
  m_Enabled: 1
  m_EditorHideFlags: 0
  m_Script: {fileID: 11500000, guid: f07bd9866cef95ced1e4b3dcb19ca85f, type: 3}
  m_Name: 
  m_EditorClassIdentifier: 
  configuration: {fileID: 11400000, guid: 281e5553399e4a9c91963af39bf934ee, type: 2}
--- !u!1 &7190748541514860829
GameObject:
  m_ObjectHideFlags: 0
  m_CorrespondingSourceObject: {fileID: 0}
  m_PrefabInstance: {fileID: 0}
  m_PrefabAsset: {fileID: 0}
  serializedVersion: 6
  m_Component:
  - component: {fileID: 7190748541514861393}
  - component: {fileID: 7190748541514858873}
  m_Layer: 0
  m_Name: Barrier
  m_TagString: 
  m_Icon: {fileID: 0}
  m_NavMeshLayer: 0
  m_StaticEditorFlags: 0
  m_IsActive: 1
--- !u!4 &7190748541514861393
Transform:
  m_ObjectHideFlags: 0
  m_CorrespondingSourceObject: {fileID: 0}
  m_PrefabInstance: {fileID: 0}
  m_PrefabAsset: {fileID: 0}
  m_GameObject: {fileID: 7190748541514860829}
  m_LocalRotation: {x: 0, y: 0, z: 0, w: 1}
  m_LocalPosition: {x: 0, y: 0, z: 0}
  m_LocalScale: {x: 1, y: 1, z: 1}
  m_Children: []
  m_Father: {fileID: 7190748541514861395}
  m_RootOrder: 3
  m_LocalEulerAnglesHint: {x: 0, y: 0, z: 0}
--- !u!114 &7190748541514858873
MonoBehaviour:
  m_ObjectHideFlags: 0
  m_CorrespondingSourceObject: {fileID: 0}
  m_PrefabInstance: {fileID: 0}
  m_PrefabAsset: {fileID: 0}
  m_GameObject: {fileID: 7190748541514860829}
  m_Enabled: 1
  m_EditorHideFlags: 0
  m_Script: {fileID: 11500000, guid: 31639baa43d8ac93ab04ff5617bf6c0b, type: 3}
  m_Name: 
  m_EditorClassIdentifier: 
  general:
    barrierEnabled: {fileID: 0}
    barrierDisable: {fileID: 0}
    buttonEnableSprite: {fileID: 21300012, guid: eee375ad24ea43898be1d5c2825b4e00,
      type: 3}
    buttonDisableSprite: {fileID: 21300016, guid: eee375ad24ea43898be1d5c2825b4e00,
      type: 3}
  enable:
    unlockCashButton: {fileID: 0}
    kitchenPriceCashText: {fileID: 0}
    kitchenPriceDiamondText: {fileID: 0}
    unlockButtonDiamond: {fileID: 0}
  locked:
    processTimeText: {fileID: 0}
    barrierPriceText: {fileID: 0}
    unlockButtonImage: {fileID: 0}
    lockedContent: {fileID: 0}
  process:
    diamondText: {fileID: 0}
    remainingText: {fileID: 0}
    reduceTimeText: {fileID: 0}
    processFillBar: {fileID: 0}
    processContent: {fileID: 0}
  rating: {fileID: 7190748541514858760}
  unlocked: {fileID: 0}
  tutorial_1: {fileID: 0}
  config: {fileID: 11400000, guid: 281e5553399e4a9c91963af39bf934ee, type: 2}
--- !u!1 &7190748541514860845
GameObject:
  m_ObjectHideFlags: 0
  m_CorrespondingSourceObject: {fileID: 0}
  m_PrefabInstance: {fileID: 0}
  m_PrefabAsset: {fileID: 0}
  serializedVersion: 6
  m_Component:
  - component: {fileID: 7190748541514861402}
  - component: {fileID: 7190748541514858812}
  m_Layer: 0
  m_Name: Overview
  m_TagString: 
  m_Icon: {fileID: 0}
  m_NavMeshLayer: 0
  m_StaticEditorFlags: 0
  m_IsActive: 1
--- !u!4 &7190748541514861402
Transform:
  m_ObjectHideFlags: 0
  m_CorrespondingSourceObject: {fileID: 0}
  m_PrefabInstance: {fileID: 0}
  m_PrefabAsset: {fileID: 0}
  m_GameObject: {fileID: 7190748541514860845}
  m_LocalRotation: {x: 0, y: 0, z: 0, w: 1}
  m_LocalPosition: {x: 0, y: 0, z: 0}
  m_LocalScale: {x: 1, y: 1, z: 1}
  m_Children: []
  m_Father: {fileID: 7190748541514861395}
  m_RootOrder: 8
  m_LocalEulerAnglesHint: {x: 0, y: 0, z: 0}
--- !u!114 &7190748541514858812
MonoBehaviour:
  m_ObjectHideFlags: 0
  m_CorrespondingSourceObject: {fileID: 0}
  m_PrefabInstance: {fileID: 0}
  m_PrefabAsset: {fileID: 0}
  m_GameObject: {fileID: 7190748541514860845}
  m_Enabled: 1
  m_EditorHideFlags: 0
  m_Script: {fileID: 11500000, guid: 36a8e0455f0f956fabafecc2a18adef1, type: 3}
  m_Name: 
  m_EditorClassIdentifier: 
  enableSprite: {fileID: 21300018, guid: eee375ad24ea43898be1d5c2825b4e00, type: 3}
  disableSprite: {fileID: 21300016, guid: eee375ad24ea43898be1d5c2825b4e00, type: 3}
  activateButton: {fileID: 0}
  totalExtractionText: {fileID: 0}
  overviewContent: {fileID: 0}
  overviewPopup: {fileID: 0}
  overviewItemPrefab: {fileID: 1789880861211678072, guid: f85b1e718fab48279c25bbb94b1451e2,
    type: 3}
  elevator: {fileID: 7190748541514859480}
  restaurant: {fileID: 7190748541514858904}
--- !u!1 &7190748541514860847
GameObject:
  m_ObjectHideFlags: 0
  m_CorrespondingSourceObject: {fileID: 0}
  m_PrefabInstance: {fileID: 0}
  m_PrefabAsset: {fileID: 0}
  serializedVersion: 6
  m_Component:
  - component: {fileID: 7190748541514861405}
  - component: {fileID: 7190748541514858814}
  m_Layer: 0
  m_Name: Tracking
  m_TagString: 
  m_Icon: {fileID: 0}
  m_NavMeshLayer: 0
  m_StaticEditorFlags: 0
  m_IsActive: 1
--- !u!4 &7190748541514861405
Transform:
  m_ObjectHideFlags: 0
  m_CorrespondingSourceObject: {fileID: 0}
  m_PrefabInstance: {fileID: 0}
  m_PrefabAsset: {fileID: 0}
  m_GameObject: {fileID: 7190748541514860847}
  m_LocalRotation: {x: 0, y: 0, z: 0, w: 1}
  m_LocalPosition: {x: 0, y: 0, z: 0}
  m_LocalScale: {x: 1, y: 1, z: 1}
  m_Children: []
  m_Father: {fileID: 7190748541514861395}
  m_RootOrder: 6
  m_LocalEulerAnglesHint: {x: 0, y: 0, z: 0}
--- !u!114 &7190748541514858814
MonoBehaviour:
  m_ObjectHideFlags: 0
  m_CorrespondingSourceObject: {fileID: 0}
  m_PrefabInstance: {fileID: 0}
  m_PrefabAsset: {fileID: 0}
  m_GameObject: {fileID: 7190748541514860847}
  m_Enabled: 1
  m_EditorHideFlags: 0
  m_Script: {fileID: 11500000, guid: a7f87e5e0b2c20f94b1dfabbefc9a4b1, type: 3}
  m_Name: 
  m_EditorClassIdentifier: 
--- !u!1 &7190748541514860856
GameObject:
  m_ObjectHideFlags: 0
  m_CorrespondingSourceObject: {fileID: 0}
  m_PrefabInstance: {fileID: 0}
  m_PrefabAsset: {fileID: 0}
  serializedVersion: 6
  m_Component:
  - component: {fileID: 7190748541514861404}
  - component: {fileID: 7190748541514858760}
  m_Layer: 0
  m_Name: Rating
  m_TagString: 
  m_Icon: {fileID: 0}
  m_NavMeshLayer: 0
  m_StaticEditorFlags: 0
  m_IsActive: 1
--- !u!4 &7190748541514861404
Transform:
  m_ObjectHideFlags: 0
  m_CorrespondingSourceObject: {fileID: 0}
  m_PrefabInstance: {fileID: 0}
  m_PrefabAsset: {fileID: 0}
  m_GameObject: {fileID: 7190748541514860856}
  m_LocalRotation: {x: 0, y: 0, z: 0, w: 1}
  m_LocalPosition: {x: 0, y: 0, z: 0}
  m_LocalScale: {x: 1, y: 1, z: 1}
  m_Children: []
  m_Father: {fileID: 7190748541514861395}
  m_RootOrder: 2
  m_LocalEulerAnglesHint: {x: 0, y: 0, z: 0}
--- !u!114 &7190748541514858760
MonoBehaviour:
  m_ObjectHideFlags: 0
  m_CorrespondingSourceObject: {fileID: 0}
  m_PrefabInstance: {fileID: 0}
  m_PrefabAsset: {fileID: 0}
  m_GameObject: {fileID: 7190748541514860856}
  m_Enabled: 1
  m_EditorHideFlags: 0
  m_Script: {fileID: 11500000, guid: 1604b72ec35305024f136654c0f6d137, type: 3}
  m_Name: 
  m_EditorClassIdentifier: 
  popup: {fileID: 0}
  marketURL: '"market://details?id=idle.restaurant.tyoon.factory.cooking.foodgame"'
--- !u!1 &7190748541514860867
GameObject:
  m_ObjectHideFlags: 0
  m_CorrespondingSourceObject: {fileID: 0}
  m_PrefabInstance: {fileID: 0}
  m_PrefabAsset: {fileID: 0}
  serializedVersion: 6
  m_Component:
  - component: {fileID: 7190748541514861394}
  - component: {fileID: 7190748541514859137}
  - component: {fileID: 7190748541514859136}
  m_Layer: 0
  m_Name: Manager
  m_TagString: 
  m_Icon: {fileID: 0}
  m_NavMeshLayer: 0
  m_StaticEditorFlags: 0
  m_IsActive: 1
--- !u!4 &7190748541514861394
Transform:
  m_ObjectHideFlags: 0
  m_CorrespondingSourceObject: {fileID: 0}
  m_PrefabInstance: {fileID: 0}
  m_PrefabAsset: {fileID: 0}
  m_GameObject: {fileID: 7190748541514860867}
  m_LocalRotation: {x: 0, y: 0, z: 0, w: 1}
  m_LocalPosition: {x: 0, y: 0, z: 0}
  m_LocalScale: {x: 1, y: 1, z: 1}
  m_Children: []
  m_Father: {fileID: 7190748541514861395}
  m_RootOrder: 7
  m_LocalEulerAnglesHint: {x: 0, y: 0, z: 0}
--- !u!114 &7190748541514859137
MonoBehaviour:
  m_ObjectHideFlags: 0
  m_CorrespondingSourceObject: {fileID: 0}
  m_PrefabInstance: {fileID: 0}
  m_PrefabAsset: {fileID: 0}
  m_GameObject: {fileID: 7190748541514860867}
  m_Enabled: 1
  m_EditorHideFlags: 0
  m_Script: {fileID: 11500000, guid: 73dd1fb13ffaf9edeb158c5987577e85, type: 3}
  m_Name: 
  m_EditorClassIdentifier: 
  enableSprite: {fileID: 21300018, guid: eee375ad24ea43898be1d5c2825b4e00, type: 3}
  disableSprite: {fileID: 21300016, guid: eee375ad24ea43898be1d5c2825b4e00, type: 3}
  managerPriceText: {fileID: 0}
  hireManagerButton: {fileID: 0}
  targetPopup: {fileID: 0}
  managerItem: {fileID: 1789880861211678071, guid: b74a93166eac47bba53a1e2daadb4b44,
    type: 3}
  hireSpecialButton: {fileID: 0}
  tutorial_6: {fileID: 0}
  assignContent: {fileID: 0}
  unassignContent: {fileID: 0}
  sellManager: {fileID: 7190748541514859136}
--- !u!114 &7190748541514859136
MonoBehaviour:
  m_ObjectHideFlags: 0
  m_CorrespondingSourceObject: {fileID: 0}
  m_PrefabInstance: {fileID: 0}
  m_PrefabAsset: {fileID: 0}
  m_GameObject: {fileID: 7190748541514860867}
  m_Enabled: 1
  m_EditorHideFlags: 0
  m_Script: {fileID: 11500000, guid: 2d4b2440a4762f616c5f7fd12d449e33, type: 3}
  m_Name: 
  m_EditorClassIdentifier: 
  price: {fileID: 0}
  duration: {fileID: 0}
  effective: {fileID: 0}
  experience: {fileID: 0}
  skillIamge: {fileID: 0}
  avatarImage: {fileID: 0}
  popup: {fileID: 0}
--- !u!1 &7190748541514860879
GameObject:
  m_ObjectHideFlags: 0
  m_CorrespondingSourceObject: {fileID: 0}
  m_PrefabInstance: {fileID: 0}
  m_PrefabAsset: {fileID: 0}
  serializedVersion: 6
  m_Component:
  - component: {fileID: 7190748541514861395}
  - component: {fileID: 7190748541514874282}
  - component: {fileID: 7190748541514859146}
  m_Layer: 0
  m_Name: Game Manager
  m_TagString: 
  m_Icon: {fileID: 0}
  m_NavMeshLayer: 0
  m_StaticEditorFlags: 0
  m_IsActive: 1
--- !u!4 &7190748541514861395
Transform:
  m_ObjectHideFlags: 0
  m_CorrespondingSourceObject: {fileID: 0}
  m_PrefabInstance: {fileID: 0}
  m_PrefabAsset: {fileID: 0}
  m_GameObject: {fileID: 7190748541514860879}
  m_LocalRotation: {x: 0, y: 0, z: 0, w: 1}
  m_LocalPosition: {x: 0, y: 0, z: 0}
  m_LocalScale: {x: 1, y: 1, z: 1}
  m_Children:
  - {fileID: 7190748541514859688}
  - {fileID: 7190748541514861392}
  - {fileID: 7190748541514861404}
  - {fileID: 7190748541514861393}
  - {fileID: 7190748541514861398}
  - {fileID: 7190748541514861399}
  - {fileID: 7190748541514861405}
  - {fileID: 7190748541514861394}
  - {fileID: 7190748541514861402}
  - {fileID: 7190748541514859691}
  - {fileID: 7190748541514861396}
  - {fileID: 7190748541514859692}
  - {fileID: 7190748541514861403}
  - {fileID: 7190748541514861406}
  - {fileID: 7190748541514859690}
  - {fileID: 7190748541514859693}
  - {fileID: 7190748541514861407}
  m_Father: {fileID: 0}
  m_RootOrder: 0
  m_LocalEulerAnglesHint: {x: 0, y: 0, z: 0}
--- !u!114 &7190748541514874282
MonoBehaviour:
  m_ObjectHideFlags: 0
  m_CorrespondingSourceObject: {fileID: 0}
  m_PrefabInstance: {fileID: 0}
  m_PrefabAsset: {fileID: 0}
  m_GameObject: {fileID: 7190748541514860879}
  m_Enabled: 1
  m_EditorHideFlags: 0
  m_Script: {fileID: 11500000, guid: f925412300a571c7250f4b0f4250ba51, type: 3}
  m_Name: 
  m_EditorClassIdentifier: 
  idleCashText: {fileID: 0}
  mainScreenCash: {fileID: 0}
  shopScreenCash: {fileID: 0}
  mainScreenDiamond: {fileID: 0}
  shopScreenDiamond: {fileID: 0}
  kitchenPrefab: {fileID: 1789880861211678137, guid: 085feaa3628a4baa91a791ea60af90b7,
    type: 3}
  kitchenContent: {fileID: 0}
  barrier: {fileID: 7190748541514858873}
  boostManager: {fileID: 7190748541514874085}
  configuration: {fileID: 11400000, guid: 281e5553399e4a9c91963af39bf934ee, type: 2}
  database:
    cash: 0
    diamond: 0
    targetRestaurant: 0
    item: []
    nonConsume: []
    freeCashData:
      free: 1
      watchAds: 0
      lastTimeWatchAd: 3/7/2019 2:02:32 PM
      lastTimeGetFree: 3/7/2019 2:02:32 PM
    soundSetting:
      sound: 1
      music: 1
    restaurant: []
    tutorialCompleted: 
  kitchenController: []
  elevator: {fileID: 7190748541514859480}
  restaurant: {fileID: 7190748541514858904}
--- !u!114 &7190748541514859146
MonoBehaviour:
  m_ObjectHideFlags: 0
  m_CorrespondingSourceObject: {fileID: 0}
  m_PrefabInstance: {fileID: 0}
  m_PrefabAsset: {fileID: 0}
  m_GameObject: {fileID: 7190748541514860879}
  m_Enabled: 1
  m_EditorHideFlags: 0
  m_Script: {fileID: 11500000, guid: 602e389a41c804a939e14d7b6b92e0a8, type: 3}
  m_Name: 
  m_EditorClassIdentifier: 
  itemCount: 15
  randomRadius: 1.5
  spawnDeltaTime: 0.05
  coinParent: {fileID: 0}
  coinPrefab: {fileID: 1789880861211678145, guid: 9a47730a1a274681a875c198799a715a,
    type: 3}
--- !u!1 &7190748541514860925
GameObject:
  m_ObjectHideFlags: 0
  m_CorrespondingSourceObject: {fileID: 0}
  m_PrefabInstance: {fileID: 0}
  m_PrefabAsset: {fileID: 0}
  serializedVersion: 6
  m_Component:
  - component: {fileID: 7190748541514861392}
  - component: {fileID: 7190748541514859181}
  - component: {fileID: 7190748541514859686}
  - component: {fileID: 7190748541514859687}
  - component: {fileID: 7190748541514859178}
  m_Layer: 0
  m_Name: Sound
  m_TagString: 
  m_Icon: {fileID: 0}
  m_NavMeshLayer: 0
  m_StaticEditorFlags: 0
  m_IsActive: 1
--- !u!4 &7190748541514861392
Transform:
  m_ObjectHideFlags: 0
  m_CorrespondingSourceObject: {fileID: 0}
  m_PrefabInstance: {fileID: 0}
  m_PrefabAsset: {fileID: 0}
  m_GameObject: {fileID: 7190748541514860925}
  m_LocalRotation: {x: 0, y: 0, z: 0, w: 1}
  m_LocalPosition: {x: 0, y: 0, z: 0}
  m_LocalScale: {x: 1, y: 1, z: 1}
  m_Children: []
  m_Father: {fileID: 7190748541514861395}
  m_RootOrder: 1
  m_LocalEulerAnglesHint: {x: 0, y: 0, z: 0}
--- !u!114 &7190748541514859181
MonoBehaviour:
  m_ObjectHideFlags: 0
  m_CorrespondingSourceObject: {fileID: 0}
  m_PrefabInstance: {fileID: 0}
  m_PrefabAsset: {fileID: 0}
  m_GameObject: {fileID: 7190748541514860925}
  m_Enabled: 1
  m_EditorHideFlags: 0
  m_Script: {fileID: 11500000, guid: b51df14853eeaebc5293cd23b1fcb03e, type: 3}
  m_Name: 
  m_EditorClassIdentifier: 
  popup: {fileID: 0}
  musicStatusLabel: {fileID: 0}
  soundStatusLabel: {fileID: 0}
  musicIconImage: {fileID: 0}
  soundIconImage: {fileID: 0}
  musicButtonImage: {fileID: 0}
  soundButtonImage: {fileID: 0}
  musicEnableSprite: {fileID: 21300004, guid: eee375ad24ea43898be1d5c2825b4e00, type: 3}
  soundEnableSprite: {fileID: 21300006, guid: eee375ad24ea43898be1d5c2825b4e00, type: 3}
  musicDisableSprite: {fileID: 21300008, guid: eee375ad24ea43898be1d5c2825b4e00, type: 3}
  soundDisableSprite: {fileID: 21300010, guid: eee375ad24ea43898be1d5c2825b4e00, type: 3}
  buttonEnableSprite: {fileID: 21300012, guid: eee375ad24ea43898be1d5c2825b4e00, type: 3}
  buttonDisableSprite: {fileID: 21300014, guid: eee375ad24ea43898be1d5c2825b4e00,
    type: 3}
  enableOutlineColor: {r: 0, g: 0.3372549, b: 0.1137255, a: 1}
  disableOutlinecolor: {r: 0.3764706, g: 0, b: 0.07843138, a: 1}
--- !u!82 &7190748541514859686
AudioSource:
  m_ObjectHideFlags: 0
  m_CorrespondingSourceObject: {fileID: 0}
  m_PrefabInstance: {fileID: 0}
  m_PrefabAsset: {fileID: 0}
  m_GameObject: {fileID: 7190748541514860925}
  m_Enabled: 1
  serializedVersion: 4
  OutputAudioMixerGroup: {fileID: 0}
  m_audioClip: {fileID: 8300000, guid: 2c2f1711f05f4e8898fa0ba4d62e2976, type: 3}
  m_PlayOnAwake: 1
  m_Volume: 0.5
  m_Pitch: 1
  Loop: 1
  Mute: 0
  Spatialize: 0
  SpatializePostEffects: 0
  Priority: 128
  DopplerLevel: 1
  MinDistance: 1
  MaxDistance: 500
  Pan2D: 0
  rolloffMode: 2
  BypassEffects: 0
  BypassListenerEffects: 0
  BypassReverbZones: 0
  rolloffCustomCurve:
    serializedVersion: 2
    m_Curve:
    - serializedVersion: 3
      time: 0
      value: 5.763046e-36
      inSlope: 0
      outSlope: 0
      tangentMode: 0
      weightedMode: 0
      inWeight: 0.33333334
      outWeight: 0.33333334
    - serializedVersion: 3
      time: 0.1
      value: 5.763046e-36
      inSlope: 0
      outSlope: 0
      tangentMode: 0
      weightedMode: 0
      inWeight: 0.33333334
      outWeight: 0.33333334
    - serializedVersion: 3
      time: 0.2
      value: 5.763046e-36
      inSlope: 0
      outSlope: 0
      tangentMode: 0
      weightedMode: 0
      inWeight: 0.33333334
      outWeight: 0.33333334
    - serializedVersion: 3
      time: 0.4
      value: 5.763046e-36
      inSlope: 0
      outSlope: 0
      tangentMode: 0
      weightedMode: 0
      inWeight: 0.33333334
      outWeight: 0.33333334
    - serializedVersion: 3
      time: 0.8
      value: 5.763046e-36
      inSlope: 0
      outSlope: 0
      tangentMode: 0
      weightedMode: 0
      inWeight: 0.33333334
      outWeight: 0.33333334
    - serializedVersion: 3
      time: 1.6
      value: 5.763046e-36
      inSlope: 0
      outSlope: 0
      tangentMode: 0
      weightedMode: 0
      inWeight: 0.33333334
      outWeight: 0.33333334
    - serializedVersion: 3
      time: 3.2
      value: 5.763046e-36
      inSlope: 0
      outSlope: 0
      tangentMode: 0
      weightedMode: 0
      inWeight: 0.33333334
      outWeight: 0.33333334
    - serializedVersion: 3
      time: 6.4
      value: 5.763046e-36
      inSlope: 0
      outSlope: 0
      tangentMode: 0
      weightedMode: 0
      inWeight: 0.33333334
      outWeight: 0.33333334
    - serializedVersion: 3
      time: 12.8
      value: 5.763046e-36
      inSlope: 0
      outSlope: 0
      tangentMode: 0
      weightedMode: 0
      inWeight: 0.33333334
      outWeight: 0.33333334
    - serializedVersion: 3
      time: 25.6
      value: 5.763046e-36
      inSlope: 0
      outSlope: 0
      tangentMode: 0
      weightedMode: 0
      inWeight: 0.33333334
      outWeight: 0.33333334
    - serializedVersion: 3
      time: 51.2
      value: 5.763046e-36
      inSlope: 0
      outSlope: 0
      tangentMode: 0
      weightedMode: 0
      inWeight: 0.33333334
      outWeight: 0.33333334
    - serializedVersion: 3
      time: 102.4
      value: 5.763046e-36
      inSlope: 0
      outSlope: 0
      tangentMode: 0
      weightedMode: 0
      inWeight: 0.33333334
      outWeight: 0.33333334
    - serializedVersion: 3
      time: 204.8
      value: 5.763046e-36
      inSlope: 0
      outSlope: 0
      tangentMode: 0
      weightedMode: 0
      inWeight: 0.33333334
      outWeight: 0.33333334
    - serializedVersion: 3
      time: 409.6
      value: 5.763046e-36
      inSlope: 0
      outSlope: 0
      tangentMode: 0
      weightedMode: 0
      inWeight: 0.33333334
      outWeight: 0.33333334
    - serializedVersion: 3
      time: 500
      value: 5.763046e-36
      inSlope: 0
      outSlope: 0
      tangentMode: 0
      weightedMode: 0
      inWeight: 0.33333334
      outWeight: 0.33333334
    m_PreInfinity: 2
    m_PostInfinity: 2
    m_RotationOrder: 4
  panLevelCustomCurve:
    serializedVersion: 2
    m_Curve:
    - serializedVersion: 3
      time: 0
      value: 0
      inSlope: 0
      outSlope: 0
      tangentMode: 0
      weightedMode: 0
      inWeight: 0.33333334
      outWeight: 0.33333334
    m_PreInfinity: 2
    m_PostInfinity: 2
    m_RotationOrder: 4
  spreadCustomCurve:
    serializedVersion: 2
    m_Curve:
    - serializedVersion: 3
      time: 0
      value: 0
      inSlope: 0
      outSlope: 0
      tangentMode: 0
      weightedMode: 0
      inWeight: 0.33333334
      outWeight: 0.33333334
    m_PreInfinity: 2
    m_PostInfinity: 2
    m_RotationOrder: 4
  reverbZoneMixCustomCurve:
    serializedVersion: 2
    m_Curve:
    - serializedVersion: 3
      time: 0
      value: 1
      inSlope: 0
      outSlope: 0
      tangentMode: 0
      weightedMode: 0
      inWeight: 0.33333334
      outWeight: 0.33333334
    m_PreInfinity: 2
    m_PostInfinity: 2
    m_RotationOrder: 4
--- !u!82 &7190748541514859687
AudioSource:
  m_ObjectHideFlags: 0
  m_CorrespondingSourceObject: {fileID: 0}
  m_PrefabInstance: {fileID: 0}
  m_PrefabAsset: {fileID: 0}
  m_GameObject: {fileID: 7190748541514860925}
  m_Enabled: 1
  serializedVersion: 4
  OutputAudioMixerGroup: {fileID: 0}
  m_audioClip: {fileID: 0}
  m_PlayOnAwake: 0
  m_Volume: 1
  m_Pitch: 1
  Loop: 0
  Mute: 0
  Spatialize: 0
  SpatializePostEffects: 0
  Priority: 128
  DopplerLevel: 1
  MinDistance: 1
  MaxDistance: 500
  Pan2D: 0
  rolloffMode: 2
  BypassEffects: 0
  BypassListenerEffects: 0
  BypassReverbZones: 0
  rolloffCustomCurve:
    serializedVersion: 2
    m_Curve:
    - serializedVersion: 3
      time: 0
      value: 5.763046e-36
      inSlope: 0
      outSlope: 0
      tangentMode: 0
      weightedMode: 0
      inWeight: 0.33333334
      outWeight: 0.33333334
    - serializedVersion: 3
      time: 0.1
      value: 5.763046e-36
      inSlope: 0
      outSlope: 0
      tangentMode: 0
      weightedMode: 0
      inWeight: 0.33333334
      outWeight: 0.33333334
    - serializedVersion: 3
      time: 0.2
      value: 5.763046e-36
      inSlope: 0
      outSlope: 0
      tangentMode: 0
      weightedMode: 0
      inWeight: 0.33333334
      outWeight: 0.33333334
    - serializedVersion: 3
      time: 0.4
      value: 5.763046e-36
      inSlope: 0
      outSlope: 0
      tangentMode: 0
      weightedMode: 0
      inWeight: 0.33333334
      outWeight: 0.33333334
    - serializedVersion: 3
      time: 0.8
      value: 5.763046e-36
      inSlope: 0
      outSlope: 0
      tangentMode: 0
      weightedMode: 0
      inWeight: 0.33333334
      outWeight: 0.33333334
    - serializedVersion: 3
      time: 1.6
      value: 5.763046e-36
      inSlope: 0
      outSlope: 0
      tangentMode: 0
      weightedMode: 0
      inWeight: 0.33333334
      outWeight: 0.33333334
    - serializedVersion: 3
      time: 3.2
      value: 5.763046e-36
      inSlope: 0
      outSlope: 0
      tangentMode: 0
      weightedMode: 0
      inWeight: 0.33333334
      outWeight: 0.33333334
    - serializedVersion: 3
      time: 6.4
      value: 5.763046e-36
      inSlope: 0
      outSlope: 0
      tangentMode: 0
      weightedMode: 0
      inWeight: 0.33333334
      outWeight: 0.33333334
    - serializedVersion: 3
      time: 12.8
      value: 5.763046e-36
      inSlope: 0
      outSlope: 0
      tangentMode: 0
      weightedMode: 0
      inWeight: 0.33333334
      outWeight: 0.33333334
    - serializedVersion: 3
      time: 25.6
      value: 5.763046e-36
      inSlope: 0
      outSlope: 0
      tangentMode: 0
      weightedMode: 0
      inWeight: 0.33333334
      outWeight: 0.33333334
    - serializedVersion: 3
      time: 51.2
      value: 5.763046e-36
      inSlope: 0
      outSlope: 0
      tangentMode: 0
      weightedMode: 0
      inWeight: 0.33333334
      outWeight: 0.33333334
    - serializedVersion: 3
      time: 102.4
      value: 5.763046e-36
      inSlope: 0
      outSlope: 0
      tangentMode: 0
      weightedMode: 0
      inWeight: 0.33333334
      outWeight: 0.33333334
    - serializedVersion: 3
      time: 204.8
      value: 5.763046e-36
      inSlope: 0
      outSlope: 0
      tangentMode: 0
      weightedMode: 0
      inWeight: 0.33333334
      outWeight: 0.33333334
    - serializedVersion: 3
      time: 409.6
      value: 5.763046e-36
      inSlope: 0
      outSlope: 0
      tangentMode: 0
      weightedMode: 0
      inWeight: 0.33333334
      outWeight: 0.33333334
    - serializedVersion: 3
      time: 500
      value: 5.763046e-36
      inSlope: 0
      outSlope: 0
      tangentMode: 0
      weightedMode: 0
      inWeight: 0.33333334
      outWeight: 0.33333334
    m_PreInfinity: 2
    m_PostInfinity: 2
    m_RotationOrder: 4
  panLevelCustomCurve:
    serializedVersion: 2
    m_Curve:
    - serializedVersion: 3
      time: 0
      value: 0
      inSlope: 0
      outSlope: 0
      tangentMode: 0
      weightedMode: 0
      inWeight: 0.33333334
      outWeight: 0.33333334
    m_PreInfinity: 2
    m_PostInfinity: 2
    m_RotationOrder: 4
  spreadCustomCurve:
    serializedVersion: 2
    m_Curve:
    - serializedVersion: 3
      time: 0
      value: 0
      inSlope: 0
      outSlope: 0
      tangentMode: 0
      weightedMode: 0
      inWeight: 0.33333334
      outWeight: 0.33333334
    m_PreInfinity: 2
    m_PostInfinity: 2
    m_RotationOrder: 4
  reverbZoneMixCustomCurve:
    serializedVersion: 2
    m_Curve:
    - serializedVersion: 3
      time: 0
      value: 1
      inSlope: 0
      outSlope: 0
      tangentMode: 0
      weightedMode: 0
      inWeight: 0.33333334
      outWeight: 0.33333334
    m_PreInfinity: 2
    m_PostInfinity: 2
    m_RotationOrder: 4
--- !u!114 &7190748541514859178
MonoBehaviour:
  m_ObjectHideFlags: 0
  m_CorrespondingSourceObject: {fileID: 0}
  m_PrefabInstance: {fileID: 0}
  m_PrefabAsset: {fileID: 0}
  m_GameObject: {fileID: 7190748541514860925}
  m_Enabled: 1
  m_EditorHideFlags: 0
  m_Script: {fileID: 11500000, guid: d1a457bb5bd77f34a32e3de2d20a2840, type: 3}
  m_Name: 
  m_EditorClassIdentifier: 
  setting: {fileID: 7190748541514859181}
  musicSource: {fileID: 7190748541514859686}
  soundSource: {fileID: 7190748541514859687}
  soundtrack:
  - volume: 0.5
    clip: {fileID: 8300000, guid: 1fcc29b4809046ed8ccf3313eaf5a751, type: 3}
  - volume: 0.5
    clip: {fileID: 8300000, guid: 2fa1462669c3411bb1cbe89bb5d870ee, type: 3}
  - volume: 0.25
    clip: {fileID: 8300000, guid: ce9a8469c6f94a7a8810fa0c1e0b16d8, type: 3}
  - volume: 0.5
    clip: {fileID: 8300000, guid: c985d54da1234223b9ecfb030aa8d0bc, type: 3}
  - volume: 0.5
    clip: {fileID: 8300000, guid: eb45419d44e44e0285285c1216322c83, type: 3}
  - volume: 0.5
    clip: {fileID: 8300000, guid: f2e8017917ec43b790761ca2e60e576c, type: 3}
  - volume: 0.25
    clip: {fileID: 8300000, guid: ea1a44b2062a4db1a3ec44de414498aa, type: 3}
  - volume: 0.5
    clip: {fileID: 8300000, guid: 4150e09375ef44d8acc26a010eacd797, type: 3}
  - volume: 0.25
    clip: {fileID: 8300000, guid: d44f503e62b94c99991a7962681a9fd4, type: 3}
--- !u!1 &7190748541514861032
GameObject:
  m_ObjectHideFlags: 0
  m_CorrespondingSourceObject: {fileID: 0}
  m_PrefabInstance: {fileID: 0}
  m_PrefabAsset: {fileID: 0}
  serializedVersion: 6
  m_Component:
  - component: {fileID: 7190748541514861403}
  - component: {fileID: 7190748541514858905}
  - component: {fileID: 7190748541514858904}
  - component: {fileID: 7190748541514858906}
  - component: {fileID: 7190748541514858907}
  m_Layer: 0
  m_Name: Restaurant
  m_TagString: 
  m_Icon: {fileID: 0}
  m_NavMeshLayer: 0
  m_StaticEditorFlags: 0
  m_IsActive: 1
--- !u!4 &7190748541514861403
Transform:
  m_ObjectHideFlags: 0
  m_CorrespondingSourceObject: {fileID: 0}
  m_PrefabInstance: {fileID: 0}
  m_PrefabAsset: {fileID: 0}
  m_GameObject: {fileID: 7190748541514861032}
  m_LocalRotation: {x: 0, y: 0, z: 0, w: 1}
  m_LocalPosition: {x: 0, y: 0, z: 0}
  m_LocalScale: {x: 1, y: 1, z: 1}
  m_Children: []
  m_Father: {fileID: 7190748541514861395}
  m_RootOrder: 12
  m_LocalEulerAnglesHint: {x: 0, y: 0, z: 0}
--- !u!114 &7190748541514858905
MonoBehaviour:
  m_ObjectHideFlags: 0
  m_CorrespondingSourceObject: {fileID: 0}
  m_PrefabInstance: {fileID: 0}
  m_PrefabAsset: {fileID: 0}
  m_GameObject: {fileID: 7190748541514861032}
  m_Enabled: 1
  m_EditorHideFlags: 0
  m_Script: {fileID: 11500000, guid: 117439d1b7ca81bcd4bb3ea44fe55e91, type: 3}
  m_Name: 
  m_EditorClassIdentifier: 
  popup: {fileID: 0}
  title: {fileID: 0}
  currentLevel: {fileID: 0}
  nextLevel: {fileID: 0}
  currentTotal: {fileID: 0}
  nextTotal: {fileID: 0}
  currentWaiter: {fileID: 0}
  nextWaiter: {fileID: 0}
  currentLoadPerWaiter: {fileID: 0}
  nextLoadPerWaiter: {fileID: 0}
  currentLoading: {fileID: 0}
  nextLoading: {fileID: 0}
  currentSpeed: {fileID: 0}
  nextSpeed: {fileID: 0}
  bonusDiamond: {fileID: 0}
  levelNumber: {fileID: 0}
  upgradePrice: {fileID: 0}
  currentLevelFill: {fileID: 0}
  nextLevelFill: {fileID: 0}
  upgradeButton: {fileID: 0}
  enableSprite: {fileID: 21300012, guid: eee375ad24ea43898be1d5c2825b4e00, type: 3}
  disableSprite: {fileID: 21300016, guid: eee375ad24ea43898be1d5c2825b4e00, type: 3}
  handle: {fileID: 0}
  selection:
  - {fileID: 0}
  - {fileID: 0}
  - {fileID: 0}
  - {fileID: 0}
  restaurantController: {fileID: 7190748541514858904}
--- !u!114 &7190748541514858904
MonoBehaviour:
  m_ObjectHideFlags: 0
  m_CorrespondingSourceObject: {fileID: 0}
  m_PrefabInstance: {fileID: 0}
  m_PrefabAsset: {fileID: 0}
  m_GameObject: {fileID: 7190748541514861032}
  m_Enabled: 1
  m_EditorHideFlags: 0
  m_Script: {fileID: 11500000, guid: 6a48cd2ec7ba52cf7e26dbc05e92f685, type: 3}
  m_Name: 
  m_EditorClassIdentifier: 
  levelText: {fileID: 0}
  levelUp:
  - {fileID: 0}
  - {fileID: 0}
  - {fileID: 0}
  waiterPrefab: {fileID: 1789880861211678082, guid: b7c4113f1b7a4d33a1e12d328c868b0d,
    type: 3}
  jumpCashPrefab: {fileID: 1789880861211678115, guid: deef6377dcdf4b6d9b62bd459f2cc0e9,
    type: 3}
  tutorial_4: {fileID: 0}
  gatheringPoint: {fileID: 0}
  exploitedPoint: {fileID: 0}
  restaurantGroup: {fileID: 0}
  jumpCashPosition: {fileID: 0}
  gameManager: {fileID: 7190748541514874282}
  boostManager: {fileID: 7190748541514874085}
  boostController: {fileID: 7190748541514858906}
  managerController: {fileID: 7190748541514858907}
  elevatorController: {fileID: 7190748541514859480}
  restaurantPopup: {fileID: 7190748541514858905}
  restaurantData:
    level: 0
  restaurantProperties:
    loadingSpeed: 0
    loadPerWaiter: 0
    transportation: 0
    walkingSpeed: 0
    waiter: 0
--- !u!114 &7190748541514858906
MonoBehaviour:
  m_ObjectHideFlags: 0
  m_CorrespondingSourceObject: {fileID: 0}
  m_PrefabInstance: {fileID: 0}
  m_PrefabAsset: {fileID: 0}
  m_GameObject: {fileID: 7190748541514861032}
  m_Enabled: 1
  m_EditorHideFlags: 0
  m_Script: {fileID: 11500000, guid: 81c964164a1120d93017fa58fec74f25, type: 3}
  m_Name: 
  m_EditorClassIdentifier: 
  upgradeCostReduced: 0
  walkingSpeedBoost: 0
  cookingSpeedBoost: 0
  loadingSpeedBoost: 0
  loadExpansionBoost: 0
  movementSpeedBoost: 0
--- !u!114 &7190748541514858907
MonoBehaviour:
  m_ObjectHideFlags: 0
  m_CorrespondingSourceObject: {fileID: 0}
  m_PrefabInstance: {fileID: 0}
  m_PrefabAsset: {fileID: 0}
  m_GameObject: {fileID: 7190748541514861032}
  m_Enabled: 1
  m_EditorHideFlags: 0
  m_Script: {fileID: 11500000, guid: bade2da1403c7af11fc6b073df99b14a, type: 3}
  m_Name: 
  m_EditorClassIdentifier: 
  timeText: {fileID: 0}
  skillSprite: {fileID: 0}
  activeButton: {fileID: 0}
  emptyManager: {fileID: 0}
  targetManager: {fileID: 0}
  boostEffect: {fileID: 0}
  boostController: {fileID: 7190748541514858906}
  skeletonGraphic: {fileID: 0}
  managerProfile:
    location: 0
    skill: 0
    state: 0
    experience: 0
    lastActive: 
    price: 0
    kitchenFloor: 0
    remainingTime: 0
    assign: 0
  hasManager: 0
--- !u!1 &7190748541514861129
GameObject:
  m_ObjectHideFlags: 0
  m_CorrespondingSourceObject: {fileID: 0}
  m_PrefabInstance: {fileID: 0}
  m_PrefabAsset: {fileID: 0}
  serializedVersion: 6
  m_Component:
  - component: {fileID: 7190748541514861398}
  - component: {fileID: 7190748541514859320}
  m_Layer: 0
  m_Name: Kitchen
  m_TagString: 
  m_Icon: {fileID: 0}
  m_NavMeshLayer: 0
  m_StaticEditorFlags: 0
  m_IsActive: 1
--- !u!4 &7190748541514861398
Transform:
  m_ObjectHideFlags: 0
  m_CorrespondingSourceObject: {fileID: 0}
  m_PrefabInstance: {fileID: 0}
  m_PrefabAsset: {fileID: 0}
  m_GameObject: {fileID: 7190748541514861129}
  m_LocalRotation: {x: 0, y: 0, z: 0, w: 1}
  m_LocalPosition: {x: 0, y: 0, z: 0}
  m_LocalScale: {x: 1, y: 1, z: 1}
  m_Children: []
  m_Father: {fileID: 7190748541514861395}
  m_RootOrder: 4
  m_LocalEulerAnglesHint: {x: 0, y: 0, z: 0}
--- !u!114 &7190748541514859320
MonoBehaviour:
  m_ObjectHideFlags: 0
  m_CorrespondingSourceObject: {fileID: 0}
  m_PrefabInstance: {fileID: 0}
  m_PrefabAsset: {fileID: 0}
  m_GameObject: {fileID: 7190748541514861129}
  m_Enabled: 1
  m_EditorHideFlags: 0
  m_Script: {fileID: 11500000, guid: 9eaa85f3fd5da744fe2f0ccb9c009727, type: 3}
  m_Name: 
  m_EditorClassIdentifier: 
  popup: {fileID: 0}
  title: {fileID: 0}
  currentLevel: {fileID: 0}
  nextLevel: {fileID: 0}
  currentTotal: {fileID: 0}
  nextTotal: {fileID: 0}
  currentTransporter: {fileID: 0}
  nextTransporter: {fileID: 0}
  currentCapacity: {fileID: 0}
  nextCapacity: {fileID: 0}
  currentWorking: {fileID: 0}
  nextWorking: {fileID: 0}
  currentSpeed: {fileID: 0}
  nextSpeed: {fileID: 0}
  bonusDiamond: {fileID: 0}
  levelNumber: {fileID: 0}
  upgradePrice: {fileID: 0}
  currentLevelFill: {fileID: 0}
  nextLevelFill: {fileID: 0}
  upgradeButton: {fileID: 0}
  enableSprite: {fileID: 21300012, guid: eee375ad24ea43898be1d5c2825b4e00, type: 3}
  disableSprite: {fileID: 21300016, guid: eee375ad24ea43898be1d5c2825b4e00, type: 3}
  handle: {fileID: 0}
  selection:
  - {fileID: 0}
  - {fileID: 0}
  - {fileID: 0}
  - {fileID: 0}
--- !u!1 &7190748541514861152
GameObject:
  m_ObjectHideFlags: 0
  m_CorrespondingSourceObject: {fileID: 0}
  m_PrefabInstance: {fileID: 0}
  m_PrefabAsset: {fileID: 0}
  serializedVersion: 6
  m_Component:
  - component: {fileID: 7190748541514861399}
  - component: {fileID: 7190748541514859481}
  - component: {fileID: 7190748541514859480}
  - component: {fileID: 7190748541514859483}
  - component: {fileID: 7190748541514859482}
  m_Layer: 0
  m_Name: Elevator
  m_TagString: 
  m_Icon: {fileID: 0}
  m_NavMeshLayer: 0
  m_StaticEditorFlags: 0
  m_IsActive: 1
--- !u!4 &7190748541514861399
Transform:
  m_ObjectHideFlags: 0
  m_CorrespondingSourceObject: {fileID: 0}
  m_PrefabInstance: {fileID: 0}
  m_PrefabAsset: {fileID: 0}
  m_GameObject: {fileID: 7190748541514861152}
  m_LocalRotation: {x: 0, y: 0, z: 0, w: 1}
  m_LocalPosition: {x: 0, y: 0, z: 0}
  m_LocalScale: {x: 1, y: 1, z: 1}
  m_Children: []
  m_Father: {fileID: 7190748541514861395}
  m_RootOrder: 5
  m_LocalEulerAnglesHint: {x: 0, y: 0, z: 0}
--- !u!114 &7190748541514859481
MonoBehaviour:
  m_ObjectHideFlags: 0
  m_CorrespondingSourceObject: {fileID: 0}
  m_PrefabInstance: {fileID: 0}
  m_PrefabAsset: {fileID: 0}
  m_GameObject: {fileID: 7190748541514861152}
  m_Enabled: 1
  m_EditorHideFlags: 0
  m_Script: {fileID: 11500000, guid: 837d7cee2bc3d1615302e0e0b7fba853, type: 3}
  m_Name: 
  m_EditorClassIdentifier: 
  popup: {fileID: 0}
  title: {fileID: 0}
  currentLevel: {fileID: 0}
  nextLevel: {fileID: 0}
  currentTotal: {fileID: 0}
  nextTotal: {fileID: 0}
  currentLoad: {fileID: 0}
  nextLoad: {fileID: 0}
  currentLoading: {fileID: 0}
  nextLoading: {fileID: 0}
  currentSpeed: {fileID: 0}
  nextSpeed: {fileID: 0}
  bonusDiamond: {fileID: 0}
  levelNumber: {fileID: 0}
  upgradePrice: {fileID: 0}
  currentLevelFill: {fileID: 0}
  nextLevelFill: {fileID: 0}
  upgradeButton: {fileID: 0}
  enableSprite: {fileID: 21300012, guid: eee375ad24ea43898be1d5c2825b4e00, type: 3}
  disableSprite: {fileID: 21300016, guid: eee375ad24ea43898be1d5c2825b4e00, type: 3}
  handle: {fileID: 0}
  selection:
  - {fileID: 0}
  - {fileID: 0}
  - {fileID: 0}
  - {fileID: 0}
  elevatorController: {fileID: 7190748541514859480}
--- !u!114 &7190748541514859480
MonoBehaviour:
  m_ObjectHideFlags: 0
  m_CorrespondingSourceObject: {fileID: 0}
  m_PrefabInstance: {fileID: 0}
  m_PrefabAsset: {fileID: 0}
  m_GameObject: {fileID: 7190748541514861152}
  m_Enabled: 1
  m_EditorHideFlags: 0
  m_Script: {fileID: 11500000, guid: 699704c0e6bbf06d3f99a27454284f2a, type: 3}
  m_Name: 
  m_EditorClassIdentifier: 
  cashText: {fileID: 0}
  cabinText: {fileID: 0}
  levelText: {fileID: 0}
  processFill: {fileID: 0}
  cabinPoint: {fileID: 0}
  targetCabin: {fileID: 0}
  productFX: {fileID: 0}
  progress: {fileID: 0}
  tutorial_3: {fileID: 0}
  tutorial_4: {fileID: 0}
  levelUp:
  - {fileID: 0}
  - {fileID: 0}
  - {fileID: 0}
  productFill: {fileID: 0}
  elevatorPopup: {fileID: 7190748541514859481}
  boostController: {fileID: 7190748541514859483}
  managerController: {fileID: 7190748541514859482}
  elevatorData:
    level: 0
    cash: 0
  elevatorProperties:
    load: 0
    loadingSpeed: 0
    transportation: 0
    movementSpeed: 0
  kitchenController: []
--- !u!114 &7190748541514859483
MonoBehaviour:
  m_ObjectHideFlags: 0
  m_CorrespondingSourceObject: {fileID: 0}
  m_PrefabInstance: {fileID: 0}
  m_PrefabAsset: {fileID: 0}
  m_GameObject: {fileID: 7190748541514861152}
  m_Enabled: 1
  m_EditorHideFlags: 0
  m_Script: {fileID: 11500000, guid: 81c964164a1120d93017fa58fec74f25, type: 3}
  m_Name: 
  m_EditorClassIdentifier: 
  upgradeCostReduced: 0
  walkingSpeedBoost: 0
  cookingSpeedBoost: 0
  loadingSpeedBoost: 0
  loadExpansionBoost: 0
  movementSpeedBoost: 0
--- !u!114 &7190748541514859482
MonoBehaviour:
  m_ObjectHideFlags: 0
  m_CorrespondingSourceObject: {fileID: 0}
  m_PrefabInstance: {fileID: 0}
  m_PrefabAsset: {fileID: 0}
  m_GameObject: {fileID: 7190748541514861152}
  m_Enabled: 1
  m_EditorHideFlags: 0
  m_Script: {fileID: 11500000, guid: bade2da1403c7af11fc6b073df99b14a, type: 3}
  m_Name: 
  m_EditorClassIdentifier: 
  timeText: {fileID: 0}
  skillSprite: {fileID: 0}
  activeButton: {fileID: 0}
  emptyManager: {fileID: 0}
  targetManager: {fileID: 0}
  boostEffect: {fileID: 0}
  boostController: {fileID: 7190748541514859483}
  skeletonGraphic: {fileID: 0}
  managerProfile:
    location: 0
    skill: 0
    state: 0
    experience: 0
    lastActive: 
    price: 0
    kitchenFloor: 0
    remainingTime: 0
    assign: 0
  hasManager: 0
--- !u!1 &7190748541514861201
GameObject:
  m_ObjectHideFlags: 0
  m_CorrespondingSourceObject: {fileID: 0}
  m_PrefabInstance: {fileID: 0}
  m_PrefabAsset: {fileID: 0}
  serializedVersion: 6
  m_Component:
  - component: {fileID: 7190748541514861396}
  - component: {fileID: 7190748541514859017}
  m_Layer: 0
  m_Name: Free Coin
  m_TagString: 
  m_Icon: {fileID: 0}
  m_NavMeshLayer: 0
  m_StaticEditorFlags: 0
  m_IsActive: 1
--- !u!4 &7190748541514861396
Transform:
  m_ObjectHideFlags: 0
  m_CorrespondingSourceObject: {fileID: 0}
  m_PrefabInstance: {fileID: 0}
  m_PrefabAsset: {fileID: 0}
  m_GameObject: {fileID: 7190748541514861201}
  m_LocalRotation: {x: 0, y: 0, z: 0, w: 1}
  m_LocalPosition: {x: 0, y: 0, z: 0}
  m_LocalScale: {x: 1, y: 1, z: 1}
  m_Children: []
  m_Father: {fileID: 7190748541514861395}
  m_RootOrder: 10
  m_LocalEulerAnglesHint: {x: 0, y: 0, z: 0}
--- !u!114 &7190748541514859017
MonoBehaviour:
  m_ObjectHideFlags: 0
  m_CorrespondingSourceObject: {fileID: 0}
  m_PrefabInstance: {fileID: 0}
  m_PrefabAsset: {fileID: 0}
  m_GameObject: {fileID: 7190748541514861201}
  m_Enabled: 1
  m_EditorHideFlags: 0
  m_Script: {fileID: 11500000, guid: a959be23ae735a020e24784b05cdea6e, type: 3}
  m_Name: 
  m_EditorClassIdentifier: 
  config: {fileID: 11400000, guid: 281e5553399e4a9c91963af39bf934ee, type: 2}
  watchAdsRemaining: {fileID: 0}
  watchAdsLabel: {fileID: 0}
  freeCashButton: {fileID: 0}
  watchAdsButton: {fileID: 0}
  notification:
  - {fileID: 0}
  - {fileID: 0}
--- !u!1 &7190748541514861347
GameObject:
  m_ObjectHideFlags: 0
  m_CorrespondingSourceObject: {fileID: 0}
  m_PrefabInstance: {fileID: 0}
  m_PrefabAsset: {fileID: 0}
  serializedVersion: 6
  m_Component:
  - component: {fileID: 7190748541514859692}
  - component: {fileID: 7190748541514873888}
  m_Layer: 0
  m_Name: Notification
  m_TagString: 
  m_Icon: {fileID: 0}
  m_NavMeshLayer: 0
  m_StaticEditorFlags: 0
  m_IsActive: 1
--- !u!4 &7190748541514859692
Transform:
  m_ObjectHideFlags: 0
  m_CorrespondingSourceObject: {fileID: 0}
  m_PrefabInstance: {fileID: 0}
  m_PrefabAsset: {fileID: 0}
  m_GameObject: {fileID: 7190748541514861347}
  m_LocalRotation: {x: 0, y: 0, z: 0, w: 1}
  m_LocalPosition: {x: 0, y: 0, z: 0}
  m_LocalScale: {x: 1, y: 1, z: 1}
  m_Children: []
  m_Father: {fileID: 7190748541514861395}
  m_RootOrder: 11
  m_LocalEulerAnglesHint: {x: 0, y: 0, z: 0}
--- !u!114 &7190748541514873888
MonoBehaviour:
  m_ObjectHideFlags: 0
  m_CorrespondingSourceObject: {fileID: 0}
  m_PrefabInstance: {fileID: 0}
  m_PrefabAsset: {fileID: 0}
  m_GameObject: {fileID: 7190748541514861347}
  m_Enabled: 1
  m_EditorHideFlags: 0
  m_Script: {fileID: 11500000, guid: 4531c08952694de41ca6b7ffbe511680, type: 3}
  m_Name: 
  m_EditorClassIdentifier: 
  confirm: {fileID: 0}
  warning: {fileID: 0}
  warningPopup: {fileID: 0}
  confirmPopup: {fileID: 0}
--- !u!1 &7190748541514861469
GameObject:
  m_ObjectHideFlags: 0
  m_CorrespondingSourceObject: {fileID: 0}
  m_PrefabInstance: {fileID: 0}
  m_PrefabAsset: {fileID: 0}
  serializedVersion: 6
  m_Component:
  - component: {fileID: 7190748541514859688}
  - component: {fileID: 7190748541514874283}
  m_Layer: 0
  m_Name: Offline
  m_TagString: 
  m_Icon: {fileID: 0}
  m_NavMeshLayer: 0
  m_StaticEditorFlags: 0
  m_IsActive: 1
--- !u!4 &7190748541514859688
Transform:
  m_ObjectHideFlags: 0
  m_CorrespondingSourceObject: {fileID: 0}
  m_PrefabInstance: {fileID: 0}
  m_PrefabAsset: {fileID: 0}
  m_GameObject: {fileID: 7190748541514861469}
  m_LocalRotation: {x: 0, y: 0, z: 0, w: 1}
  m_LocalPosition: {x: 0, y: 0, z: 0}
  m_LocalScale: {x: 1, y: 1, z: 1}
  m_Children: []
  m_Father: {fileID: 7190748541514861395}
  m_RootOrder: 0
  m_LocalEulerAnglesHint: {x: 0, y: 0, z: 0}
--- !u!114 &7190748541514874283
MonoBehaviour:
  m_ObjectHideFlags: 0
  m_CorrespondingSourceObject: {fileID: 0}
  m_PrefabInstance: {fileID: 0}
  m_PrefabAsset: {fileID: 0}
  m_GameObject: {fileID: 7190748541514861469}
  m_Enabled: 1
  m_EditorHideFlags: 0
  m_Script: {fileID: 11500000, guid: c106725910920fbe4f1d0fade71f23d2, type: 3}
  m_Name: 
  m_EditorClassIdentifier: 
  offlineCash: {fileID: 0}
  rewardedCash: {fileID: 0}
  popup: {fileID: 0}
  config: {fileID: 11400000, guid: 281e5553399e4a9c91963af39bf934ee, type: 2}
  coinItemPool: {fileID: 7190748541514859146}
  targetCoinLabel: {fileID: 0}
--- !u!1 &7190748541514861513
GameObject:
  m_ObjectHideFlags: 0
  m_CorrespondingSourceObject: {fileID: 0}
  m_PrefabInstance: {fileID: 0}
  m_PrefabAsset: {fileID: 0}
  serializedVersion: 6
  m_Component:
  - component: {fileID: 7190748541514859690}
  - component: {fileID: 7190748541514874085}
  m_Layer: 0
  m_Name: Boost Manager
  m_TagString: 
  m_Icon: {fileID: 0}
  m_NavMeshLayer: 0
  m_StaticEditorFlags: 0
  m_IsActive: 1
--- !u!4 &7190748541514859690
Transform:
  m_ObjectHideFlags: 0
  m_CorrespondingSourceObject: {fileID: 0}
  m_PrefabInstance: {fileID: 0}
  m_PrefabAsset: {fileID: 0}
  m_GameObject: {fileID: 7190748541514861513}
  m_LocalRotation: {x: 0, y: 0, z: 0, w: 1}
  m_LocalPosition: {x: 0, y: 0, z: 0}
  m_LocalScale: {x: 1, y: 1, z: 1}
  m_Children: []
  m_Father: {fileID: 7190748541514861395}
  m_RootOrder: 14
  m_LocalEulerAnglesHint: {x: 0, y: 0, z: 0}
--- !u!114 &7190748541514874085
MonoBehaviour:
  m_ObjectHideFlags: 0
  m_CorrespondingSourceObject: {fileID: 0}
  m_PrefabInstance: {fileID: 0}
  m_PrefabAsset: {fileID: 0}
  m_GameObject: {fileID: 7190748541514861513}
  m_Enabled: 1
  m_EditorHideFlags: 0
  m_Script: {fileID: 11500000, guid: 1a9bb3e1df40555e28c36ad8d6103ca2, type: 3}
  m_Name: 
  m_EditorClassIdentifier: 
  configuration: {fileID: 11400000, guid: 281e5553399e4a9c91963af39bf934ee, type: 2}
  boostBorder: {fileID: 0}
  nextBoostFill: {fileID: 0}
  currentBoostFill: {fileID: 0}
  boostItem:
  - {fileID: 0}
  - {fileID: 0}
  - {fileID: 0}
  - {fileID: 0}
  - {fileID: 0}
  - {fileID: 0}
  spriteBoost:
  - sprite: {fileID: 21300020, guid: eee375ad24ea43898be1d5c2825b4e00, type: 3}
    effective: 2
  - sprite: {fileID: 21300022, guid: eee375ad24ea43898be1d5c2825b4e00, type: 3}
    effective: 4
  - sprite: {fileID: 21300024, guid: eee375ad24ea43898be1d5c2825b4e00, type: 3}
    effective: 10
  boostDescription: {fileID: 0}
  inventoryEffective: {fileID: 0}
  inventoryRemaining: {fileID: 0}
  mainScreenEffective: {fileID: 0}
  mainScreenRemaining: {fileID: 0}
  boostVFX: {fileID: 0}
  targetPopup: {fileID: 0}
  enablePanel: {fileID: 0}
  disablePanel: {fileID: 0}
--- !u!1 &7190748541514861534
GameObject:
  m_ObjectHideFlags: 0
  m_CorrespondingSourceObject: {fileID: 0}
  m_PrefabInstance: {fileID: 0}
  m_PrefabAsset: {fileID: 0}
  serializedVersion: 6
  m_Component:
  - component: {fileID: 7190748541514859693}
  - component: {fileID: 7190748541514874072}
  m_Layer: 0
  m_Name: Shop Manager
  m_TagString: 
  m_Icon: {fileID: 0}
  m_NavMeshLayer: 0
  m_StaticEditorFlags: 0
  m_IsActive: 1
--- !u!4 &7190748541514859693
Transform:
  m_ObjectHideFlags: 0
  m_CorrespondingSourceObject: {fileID: 0}
  m_PrefabInstance: {fileID: 0}
  m_PrefabAsset: {fileID: 0}
  m_GameObject: {fileID: 7190748541514861534}
  m_LocalRotation: {x: 0, y: 0, z: 0, w: 1}
  m_LocalPosition: {x: 0, y: 0, z: 0}
  m_LocalScale: {x: 1, y: 1, z: 1}
  m_Children: []
  m_Father: {fileID: 7190748541514861395}
  m_RootOrder: 15
  m_LocalEulerAnglesHint: {x: 0, y: 0, z: 0}
--- !u!114 &7190748541514874072
MonoBehaviour:
  m_ObjectHideFlags: 0
  m_CorrespondingSourceObject: {fileID: 0}
  m_PrefabInstance: {fileID: 0}
  m_PrefabAsset: {fileID: 0}
  m_GameObject: {fileID: 7190748541514861534}
  m_Enabled: 1
  m_EditorHideFlags: 0
  m_Script: {fileID: 11500000, guid: ee0001f526817bb3b26cf98ce9407d2d, type: 3}
  m_Name: 
  m_EditorClassIdentifier: 
  packProduct:
  - id: offlinepack
    price: 3.99
    priceLabel: {fileID: 0}
    target: {fileID: 0}
  - id: onlinepack
    price: 7.99
    priceLabel: {fileID: 0}
    target: {fileID: 0}
  coinProduct:
  - value: 10
    price: 250
    priceLabel: {fileID: 0}
    valueLabel: {fileID: 0}
  - value: 50
    price: 1000
    priceLabel: {fileID: 0}
    valueLabel: {fileID: 0}
  boostProduct:
  - time: 3600
    value: 2
    price: 50
    priceLabel: {fileID: 0}
    valueLabel: {fileID: 0}
  - time: 3600
    value: 4
    price: 80
    priceLabel: {fileID: 0}
    valueLabel: {fileID: 0}
  - time: 3600
    value: 10
    price: 200
    priceLabel: {fileID: 0}
    valueLabel: {fileID: 0}
  - time: 43200
    value: 2
    price: 300
    priceLabel: {fileID: 0}
    valueLabel: {fileID: 0}
  - time: 43200
    value: 4
    price: 480
    priceLabel: {fileID: 0}
    valueLabel: {fileID: 0}
  - time: 43200
    value: 10
    price: 1200
    priceLabel: {fileID: 0}
    valueLabel: {fileID: 0}
  diamondProduct:
  - id: diamondpack1
    value: 250
    price: 0.99
    valueLabel: {fileID: 0}
    priceLabel: {fileID: 0}
  - id: diamondpack2
    value: 1500
    price: 4.99
    valueLabel: {fileID: 0}
    priceLabel: {fileID: 0}
  - id: diamondpack3
    value: 3500
    price: 9.99
    valueLabel: {fileID: 0}
    priceLabel: {fileID: 0}
  - id: diamondpack4
    value: 10000
    price: 24.99
    valueLabel: {fileID: 0}
    priceLabel: {fileID: 0}
  - id: diamondpack5
    value: 22000
    price: 49.99
    valueLabel: {fileID: 0}
    priceLabel: {fileID: 0}
  shopRectransform: {fileID: 0}
  packHeader: {fileID: 0}
  targetPopup: {fileID: 0}
  gameManager: {fileID: 7190748541514874282}
  boostManager: {fileID: 7190748541514874085}
  coinItemPool: {fileID: 7190748541514859146}
  coinTargetLabel: {fileID: 0}
--- !u!1 &7190748541514861540
GameObject:
  m_ObjectHideFlags: 0
  m_CorrespondingSourceObject: {fileID: 0}
  m_PrefabInstance: {fileID: 0}
  m_PrefabAsset: {fileID: 0}
  serializedVersion: 6
  m_Component:
  - component: {fileID: 7190748541514859691}
  - component: {fileID: 7190748541514874009}
  m_Layer: 0
  m_Name: Inventory
  m_TagString: 
  m_Icon: {fileID: 0}
  m_NavMeshLayer: 0
  m_StaticEditorFlags: 0
  m_IsActive: 1
--- !u!4 &7190748541514859691
Transform:
  m_ObjectHideFlags: 0
  m_CorrespondingSourceObject: {fileID: 0}
  m_PrefabInstance: {fileID: 0}
  m_PrefabAsset: {fileID: 0}
  m_GameObject: {fileID: 7190748541514861540}
  m_LocalRotation: {x: 0, y: 0, z: 0, w: 1}
  m_LocalPosition: {x: 0, y: 0, z: 0}
  m_LocalScale: {x: 1, y: 1, z: 1}
  m_Children: []
  m_Father: {fileID: 7190748541514861395}
  m_RootOrder: 9
  m_LocalEulerAnglesHint: {x: 0, y: 0, z: 0}
--- !u!114 &7190748541514874009
MonoBehaviour:
  m_ObjectHideFlags: 0
  m_CorrespondingSourceObject: {fileID: 0}
  m_PrefabInstance: {fileID: 0}
  m_PrefabAsset: {fileID: 0}
  m_GameObject: {fileID: 7190748541514861540}
  m_Enabled: 1
  m_EditorHideFlags: 0
  m_Script: {fileID: 11500000, guid: 76d15742e3e08f4ea35545be51da70b2, type: 3}
  m_Name: 
  m_EditorClassIdentifier: 
  popup: {fileID: 0}
  itemSlot: {fileID: 1789880861211678149, guid: b6ddff47e90048f7ae22b98e1c647055,
    type: 3}
  itemContent: {fileID: 0}
  itemSprite:
  - effective: 2
    sprite: {fileID: 21300020, guid: eee375ad24ea43898be1d5c2825b4e00, type: 3}
  - effective: 4
    sprite: {fileID: 21300022, guid: eee375ad24ea43898be1d5c2825b4e00, type: 3}
  - effective: 10
    sprite: {fileID: 21300024, guid: eee375ad24ea43898be1d5c2825b4e00, type: 3}
